@article{cohn2003improving,
	Author = {Cohn, Amy Mainville and Barnhart, Cynthia},
	Date-Added = {2014-04-16 19:46:42 -0400},
	Date-Modified = {2014-04-16 19:46:42 -0400},
	Journal = {Operations Research},
	Number = {3},
	Pages = {387--396},
	Publisher = {INFORMS},
	Title = {Improving crew scheduling by incorporating key maintenance routing decisions},
	Volume = {51},
	Year = {2003}}

@article{barnhart2004airline,
	Author = {Barnhart, Cynthia and Cohn, Amy},
	Date-Added = {2014-04-16 19:44:29 -0400},
	Date-Modified = {2014-04-16 19:44:29 -0400},
	Journal = {Manufacturing \& Service Operations Management},
	Number = {1},
	Pages = {3--22},
	Publisher = {INFORMS},
	Title = {Airline schedule planning: Accomplishments and opportunities},
	Volume = {6},
	Year = {2004}}

@article{mehrotra1996column,
	Author = {Mehrotra, Anuj and Trick, Michael A},
	Date-Added = {2014-04-15 17:04:15 -0400},
	Date-Modified = {2014-04-15 17:04:15 -0400},
	Journal = {informs Journal on Computing},
	Number = {4},
	Pages = {344--354},
	Publisher = {Informs},
	Title = {A column generation approach for graph coloring},
	Volume = {8},
	Year = {1996}}

@book{desaulniers2005column,
	Author = {Desaulniers, Guy and Desrosiers, Jacques and Solomon, Marius M},
	Date-Added = {2014-04-15 17:04:05 -0400},
	Date-Modified = {2014-04-15 17:04:05 -0400},
	Publisher = {Springer},
	Title = {Column generation},
	Volume = {5},
	Year = {2005}}

@article{barnhart1998branch,
	Author = {Barnhart, Cynthia and Johnson, Ellis L and Nemhauser, George L and Savelsbergh, Martin WP and Vance, Pamela H},
	Date-Added = {2014-04-15 17:04:01 -0400},
	Date-Modified = {2014-04-15 17:04:01 -0400},
	Journal = {Operations research},
	Number = {3},
	Pages = {316--329},
	Publisher = {INFORMS},
	Title = {Branch-and-price: Column generation for solving huge integer programs},
	Volume = {46},
	Year = {1998}}

@book{desrosiers2005primer,
	Author = {Desrosiers, Jacques and L{\"u}bbecke, Marco E},
	Date-Added = {2014-04-15 17:03:58 -0400},
	Date-Modified = {2014-04-15 17:03:58 -0400},
	Publisher = {Springer},
	Title = {A primer in column generation},
	Year = {2005}}

@phdthesis{shenoi1996integrated,
  title={Integrated airline schedule optimization: models and solution methods},
  author={Shenoi, Rajesh Gopalakrishna},
  year={1996},
  school={Massachusetts Institute of Technology}
}

@article{muter2013solving,
  title={Solving a robust airline crew pairing problem with column generation},
  author={Muter, {\.I}brahim and {\.I}lker Birbil, {\c{S}} and B{\"u}lb{\"u}l, Kerem and {\c{S}}ahin, G{\"u}ven{\c{c}} and Yenig{\"u}n, H{\"u}sn{\"u} and Ta{\c{s}}, Duygu and T{\"u}z{\"u}n, Dilek},
  journal={Computers \& Operations Research},
  volume={40},
  number={3},
  pages={815--830},
  year={2013},
  publisher={Elsevier}
}

@article{mingozzi1999set,
  title={A set partitioning approach to the crew scheduling problem},
  author={Mingozzi, A and Boschetti, MA and Ricciardelli, S and Bianco, L},
  journal={Operations Research},
  volume={47},
  number={6},
  pages={873--888},
  year={1999},
  publisher={INFORMS}
}

@article{lubbecke2005selected,
  title={Selected topics in column generation},
  author={L{\"u}bbecke, Marco E and Desrosiers, Jacques},
  journal={Operations Research},
  volume={53},
  number={6},
  pages={1007--1023},
  year={2005},
  publisher={INFORMS}
}

@article{bertsimas1997introduction,
  title={Introduction to linear optimization},
  author={Bertsimas, Dimitris and Tsitsiklis, John N},
  year={1997},
  publisher={Athena Scientific Belmont, MA}
}

@article{gopalakrishnan2005airline,
  title={Airline crew scheduling: state-of-the-art},
  author={Gopalakrishnan, Balaji and Johnson, Ellis L},
  journal={Annals of Operations Research},
  volume={140},
  number={1},
  pages={305--337},
  year={2005},
  publisher={Springer}
}

@phdthesis{cohn2002composite,
  title={Composite-variable modeling for large-scale problems in transportation and logistics},
  author={Cohn, Amy Ellen Mainville},
  year={2002},
  school={Massachusetts Institute of Technology}
}

@article{dantzig1960decomposition,
  title={Decomposition principle for linear programs},
  author={Dantzig, George B and Wolfe, Philip},
  journal={Operations research},
  volume={8},
  number={1},
  pages={101--111},
  year={1960},
  publisher={INFORMS}
}

@article{gilmore1961linear,
  title={A linear programming approach to the cutting-stock problem},
  author={Gilmore, Paul C and Gomory, Ralph E},
  journal={Operations research},
  volume={9},
  number={6},
  pages={849--859},
  year={1961},
  publisher={INFORMS}
}

@article{gilmore1963linear,
  title={A linear programming approach to the cutting stock problem-Part II},
  author={Gilmore, Paul C and Gomory, Ralph E},
  journal={Operations research},
  volume={11},
  number={6},
  pages={863--888},
  year={1963},
  publisher={INFORMS}
}

@article{desrosiers1984routing,
  title={Routing with time windows by column generation},
  author={Desrosiers, Jacques and Soumis, Fran{\c{c}}ois and Desrochers, Martin},
  journal={Networks},
  volume={14},
  number={4},
  pages={545--565},
  year={1984},
  publisher={Wiley Online Library}
}

